@article{1,
author = {Jiahao Zhang and Huangtao Guo and Yan Wang},
title = {A Model of HIV Infection with Two Types of Target Cells and Latent Infection},
journal = {Advances in Applied Mathematics},
year = {2024},
note = {https://doi.org/10.12677/aam.2024.136257},
}

@article{2,
author = {Lin Shen and Susan Peterson and Ahmad R Sedaghat and Moira A McMahon and Marc Callender and Haili Zhang and Yan Zhou and Eleanor Pitt and Karen S Anderson and Edward P Acosta and Robert F Siliciano},
title = {Dose-response curve slope sets class-specific limits on inhibitory potential of anti-HIV drugs},
journal = {Nature Medicine},
year = {2008},
note = {https://doi.org/10.1038/nm1777},
}

@article{3,
author = {Charline Bacchus-Souffan and Mark Fitch and Jori Symons and Mohamed Abdel-Mohsen and Daniel B. Reeves and Rebecca Hoh and Mars Stone and Joseph Hiatt et al.},
title = {Relationship between CD4 T Cell Turnover, Cellular Differentiation and HIV Persistence during Art},
journal = {PLOS Pathogens},
year = {2021},
note = {https://doi.org/10.1371/journal.ppat.1009214},
}

@article{4,
author = {Elaiw, A.M. and AlShamrani, N.H. },
title = {HTLV/HIV Dual Infection: Modeling and Analysis},
journal = {Mathematics},
year = {2020},
note = {https://doi.org/10.3390/math9010051},
}

@article{5,
author = {Adams, B.M. and Banks, H.T. and Kwon, H.-D. and Tran, H.T. },
title = {Dynamic Multidrug Therapies for HIV: Optimal and STI Control Approaches.},
journal = {Mathematical Biosciences and Engineering},
year = {2004},
note = {https://doi.org/10.3934/mbe.2004.1.223},
}

@article{7,
author = {Wang, Y. and Zhou, Y. and Brauer, F. and Heffernan, J.M. },
title = {Viral Dynamics Model with CTL Immune Response Incorporating Antiretroviral Therapy.},
journal = {Journal of Mathematical Biology},
year = {2012},
note = {https://doi.org/10.1007/s00285-012-0580-3},
}

@article{8,
author = {Tuckwell, H.C. and Le Corfec, E. },
title = {A Stochastic Model for Early HIV-1 Population Dynamics. },
journal = {Journal of Theoretical Biology},
year = {1998},
note = {https://doi.org/10.1006/jtbi.1998.0806},
}

@article{9,
author = {Wang, Y., Liu, J. and Liu, L.},
title = {Viral Dynamics of an HIV Model with Latent Infection Incorporating Antiretroviral Therapy.},
journal = {Advances in Difference Equations},
year = {2016},
note = {https://doi.org/10.1186/s13662-016-0952-x},
}

@article{10,
author = {Elaiw, A.M. and Raezah, A.A. and Azoz, S.A. },
title = {Stability of Delayed HIV Dynamics Models with Two Latent Reservoirs and Immune Impairment.},
journal = {Advances in Difference Equations},
year = {2018},
note = {https://doi.org/10.1186/s13662-018-1869-3},
}

@article{11,
author = {Perelson, A.S. and Nelson, P.W.},
title = {Mathematical Analysis of HIV-1 Dynamics in Vivo.},
journal = {SIAM Review},
year = {1999},
note = {https://doi.org/10.1137/s0036144598335107},
}

